


@CONFERENCE{Bag03,
  author =       {M. Bagchi  and P. White },
  title =        {Use of {P}ublic {T}ransport {S}mart {C}ard {D}ata for {U}nderstanding {T}ravel {B}ehaviour},
  year =         {2003},
  address =      {Strasbourg, France},
  organization = {Association for European Transport (CD-ROM)},
}

@ARTICLE{Bag04,
  AUTHOR =       "M. Bagchi  and P. White ",
  TITLE =        "What {R}ole for {S}mart-card {D}ata from {B}us {S}ystems?",
  JOURNAL =      "Municipal Engineer 157",
  YEAR =         "2004",
  volume =       "Issue MEI",
  pages =        "39046",
}



@article{emam2013additional,
  title={Additional authentication and authorization using registered email-ID for cloud computing},
  author={Emam, Abdelmajid Hassan Mansour},
  journal={International Journal of Soft Computing and Engineering},
  volume={3},
  number={2},
  pages={110--113},
  year={2013},
  publisher={Citeseer}
}